<?xml version="1.0" encoding="UTF-8"?><record xmlns="http://www.loc.gov/MARC21/slim" xmlns:cinclude="http://apache.org/cocoon/include/1.0" xmlns:zs="http://www.loc.gov/zing/srw/">
  <leader>00449nz  a2200145n  4500</leader>
  <controlfield tag="001">no2003129296</controlfield>
  <controlfield tag="003">DLC</controlfield>
  <controlfield tag="005">20031231071028.0</controlfield>
  <controlfield tag="008">031230n| acannaabn          |n aaa     c</controlfield>
  <datafield tag="010" ind1=" " ind2=" ">
    <subfield code="a">no2003129296</subfield>
  </datafield>
  <datafield tag="035" ind1=" " ind2=" ">
    <subfield code="a">(OCoLC)oca06237350</subfield>
  </datafield>
  <datafield tag="040" ind1=" " ind2=" ">
    <subfield code="a">NBuU</subfield>
    <subfield code="b">eng</subfield>
    <subfield code="c">NBuU</subfield>
  </datafield>
  <datafield tag="100" ind1="1" ind2=" ">
    <subfield code="a">Coccia, Michel A.,</subfield>
    <subfield code="d">1922-</subfield>
  </datafield>
  <datafield tag="670" ind1=" " ind2=" ">
    <subfield code="a">Product liability, 1970:</subfield>
    <subfield code="b">t.p. (Michel A. Coccia)</subfield>
  </datafield>
  <datafield tag="670" ind1=" " ind2=" ">
    <subfield code="a">OCLC, Dec. 29, 2003</subfield>
    <subfield code="b">(hdg.: Coccia, Michel A., 1922- ; usage: Michel A. Coccia)</subfield>
  </datafield>
</record>